@book{jacobson,
	title = {Basic Algebra I: Second Edition},
	author = {Nathan Jacobson},
	year = {2009},
	publisher = {Dover Books on Mathematics},
}

@online{lucchini,
	author = "Andrea Lucchini",
	title = "Algebra 2",
	url  = "https://elearning.unipd.it/math/course/view.php?id=773",
}

@online{lucchini_week,
	title = {Algebra 2: schede settimanali},
	author = "Andrea Lucchini",
}

@online{garonzi,
	author = "Martino Garonzi",
	title = "Esercizi su gruppi e polinomi",
	url  = "https://www.math.unipd.it/~mgaronzi/exalg2.pdf",
}
